% Encoding: UTF-8

@article{wuzhixin2016,
  title={人种及其演变},
  author={吴新智 and 崔娅铭},
  journal={科学通报},
  number={34},
  pages={3630-3637},
  year={2016},
}


@article{qhf2017peopledialy,
  title={当“中国制造2025”遇上德国“工业4.0”},
  author={邱海峰},
  journal={人民日报海外版},
  number={3},
  pages={80-80},
  year={2017},
}

@article{hanxiangjun1993,
  title={吉林省满族体质特征调查},
  author={韩向君 and 何欣},
  journal={人类学学报},
  number={1},
  pages={55-63},
  year={1993},
}


@article{xjp2017,
  title={决胜全面建成小康社会夺取新时代中国特色社会主义伟大胜利——在中国共产党第十九次全国代表大会上的报告},
  author={习近平},
  journal={学理论},
  number={11},
  pages={6-23},
  year={2017},
}
@article{kemelmacher20113d,
  title={3D face reconstruction from a single image using a single reference face shape},
  author={Kemelmacher-Shlizerman, Ira and Basri, Ronen},
  journal={IEEE transactions on pattern analysis and machine intelligence},
  volume={33},
  number={2},
  pages={394--405},
  year={2011},
  publisher={IEEE}
}
@article{luximon20123d,
  title={The 3D Chinese head and face modeling},
  author={Luximon, Yan and Ball, Roger and Justice, Lorraine},
  journal={Computer-Aided Design},
  volume={44},
  number={1},
  pages={40--47},
  year={2012},
  publisher={Elsevier}
}

@article{behm2005linking,
  title={Linking construction fatalities to the design for construction safety concept},
  author={Behm, Michael},
  journal={Safety science},
  volume={43},
  number={8},
  pages={589--611},
  year={2005},
  publisher={Elsevier}
}

@phdthesis{liyina2010,
  title={对东西方人脸识别与记忆的差异},
  author={李怡娜},
  school={陕西师范大学},
  year={2010},
}


@phdthesis{songguanghui2017,
  title={基于迁移学习与深度卷积特征的图像标注方法研究},
  author={宋光慧},
  school={浙江大学},
  year={2017},
}


@article{dc2014,
  title={德国“工业4.0”:内容、动因与前景及其启示},
  author={丁纯 and 李君扬},
  journal={德国研究},
  number={4},
  pages={49-66},
  year={2014},
}

@article{mxn2017,
  title={习近平同德国总理默克尔举行会谈},
  author={马小宁 and 杜尚泽 and 管克江},
  journal={人民日报},
  number={001},
  pages={65-65},
  year={2017},
}
@article{china2025,
  title={国务院关于印发《中国制造2025》的通知},
  author={国务院},
  journal={中华人民共和国政府},
  number={ 国发〔2015〕28号},
  pages={28-28},
  year={2015},
}

@article{cai2017ASS,
  title={中国过程控制会议30周年专刊序言},
  author={柴天佑 and 王伟},
  journal={自动化学报},
  volume={43},
  number={6},
  pages={877-879},
  year={2017},
}

@TechReport{USA2015,
   author = {Office of the Press Secretary},
   title = {Advanced Manufacturing Partnership},
   year={2015-7-15},
   howpublished = {\url{https://www.whitehouse.gov/the-press-office/2011/06/24/president-obama-launches-advanced-manufacturing-partnership}}
}

@TechReport{US2012,
author = {Executive Office of the President},
title = {National strategic plan for advanced manufacturing},
institution = {U.S.: National Science and Technology Council},
year = {2012}
}

@TechReport{US2014,
author = {Executive Office of the President},
title = {Accelerating U.S. advanced manufacturing},
institution = {U.S.: President’s Council of Advisors on Science and Technology},
year = {2014}
}

@inproceedings{Lu2015Standards,
  title={Standards landscape and directions for smart manufacturing systems},
  author={Lu, Yan and Morris, K C and Frechette, Simon},
  booktitle={IEEE International Conference on Automation Science and Engineering},
  pages={998-1005},
  year={2015},
}
@article{duanfeng2002,
  title={机器视觉技术及其应用综述},
  author={段峰 and 王耀南 and 雷晓峰 and 吴立钊 and 谭文},
  journal={自动化博览},
  volume={19},
  number={3},
  pages={59-61},
  year={2002},
}
@article{ruan2017,
  title={机器视觉:让中国制造2025“看”得更远},
  author={阮晋蒙},
  journal={新经济导刊},
  number={1},
  pages={80-83},
  year={2017},
}

@TechReport{Microvison2016,
   author = {Microvison},
   title = {机器视觉引发的智能制造领域变革},
   year={2016-5-19},
   howpublished = {\url{http://www.microvision.com.cn/zhhy/show/305.html}}
}

@TechReport{CAA2016,
   author = {中国自动化学会},
   title = {工业4.0与机器视觉技术的大时代：工业迈入无人化},
   year={2015-10-22},
   howpublished = {\url{http://www.caa.org.cn/index.php?me_id=1025&ac_id=1427}}
}

@article{liu2013,
  title={第三次工业革命与创新模式转型},
  author={刘燕华},
  journal={中国科技奖励},
  number={8},
  pages={6-10},
  year={2013},
}
@book{calder2011oxford,
  title={Oxford handbook of face perception},
  author={Calder, Andy},
  year={2011},
  publisher={Oxford University Press}
}

@article{fu2014learning,
  title={Learning race from face: A survey},
  author={Fu, Siyao and He, Haibo and Hou, Zeng-Guang},
  journal={IEEE transactions on pattern analysis and machine intelligence},
  volume={36},
  number={12},
  pages={2483--2509},
  year={2014},
  publisher={IEEE}
}
@article{bruce1986understanding,
  title={Understanding face recognition},
  author={Bruce, Vicki and Young, Andy},
  journal={British journal of psychology},
  volume={77},
  number={3},
  pages={305--327},
  year={1986},
  publisher={Wiley Online Library}
}
@article{calder2005understanding,
  title={Understanding the recognition of facial identity and facial expression},
  author={Calder, Andrew J and Young, Andrew W},
  journal={Nature Reviews Neuroscience},
  volume={6},
  number={8},
  pages={641},
  year={2005},
  publisher={Nature Publishing Group}
}
@article{o2002recognizing,
  title={Recognizing moving faces: A psychological and neural synthesis},
  author={O'Toole, Alice J and Roark, Dana A and Abdi, Herv{\'e}},
  journal={Trends in cognitive sciences},
  volume={6},
  number={6},
  pages={261--266},
  year={2002},
  publisher={Elsevier}
}

@article{eberhardt2003believing,
  title={Believing is seeing: The effects of racial labels and implicit beliefs on face perception},
  author={Eberhardt, Jennifer L and Dasgupta, Nilanjana and Banaszynski, Tracy L},
  journal={Personality and Social Psychology Bulletin},
  volume={29},
  number={3},
  pages={360--370},
  year={2003},
  publisher={Sage Publications Thousand Oaks, CA}
}

@article{simon2009hp,
  title={HP Looking into Claims Webcams Can't See Black People},
  author={Simon, Mallory},
  journal={CNN Tech, Dec},
  volume={23},
  year={2009}
}

@TechReport{Michael2015,
   author = { Michael Zhang },
   title = {Flickr Fixing ‘Racist’ Auto-Tagging Feature After Black Man Mislabeled ‘Ape’},
   year={2015-05-20},
   howpublished = {\url{http://www.caa.org.cn/index.php?me_id=1025&ac_id=1427}}
}

@TechReport{sinal2015,
   author = {新浪科技 },
   title = {谷歌把黑人标记成大猩猩引争议},
   year={2018-1-18},
   howpublished = {\url{http://tech.sina.com.cn/i/2018-01-18/doc-ifyquptv7683429.shtml}}
}

@article{huwenjuan2017,
  title={人工智能时代的责任决策},
  author={胡文娟 and DUNSTAN and ALLISON-HOPE},
  journal={WTO经济导刊},
  number={12},
  pages={45-46},
  year={2017},
}


@article{kumar2011describable,
  title={Describable visual attributes for face verification and image search},
  author={Kumar, Neeraj and Berg, Alexander and Belhumeur, Peter N and Nayar, Shree},
  journal={IEEE Transactions on Pattern Analysis and Machine Intelligence},
  volume={33},
  number={10},
  pages={1962--1977},
  year={2011},
  publisher={IEEE}
}

@inproceedings{demirkus2010automated,
  title={Automated person categorization for video surveillance using soft biometrics},
  author={Demirkus, Meltem and Garg, Kshitiz and Guler, Sadiye},
  booktitle={Biometric Technology for Human Identification VII},
  volume={7667},
  pages={76670P},
  year={2010},
  organization={International Society for Optics and Photonics}
}
@article{senior2005enabling,
  title={Enabling video privacy through computer vision},
  author={Senior, Andrew and Pankanti, Sharath and Hampapur, Arun and Brown, Lisa and Tian, Ying-Li and Ekin, Ahmet and Connell, Jonathan and Shu, Chiao Fe and Lu, Max},
  journal={IEEE Security \& Privacy},
  volume={3},
  number={3},
  pages={50--57},
  year={2005},
  publisher={IEEE}
}

@article{parks2018automated,
  title={Automated facial recognition of manually generated clay facial approximations: Potential application in unidentified persons data repositories},
  author={Parks, Connie L and Monson, Keith L},
  journal={Forensic science international},
  volume={282},
  pages={133--136},
  year={2018},
  publisher={Elsevier}
}

@article{sun2018demographic,
  title={Demographic analysis from biometric data: Achievements, challenges, and new frontiers},
  author={Sun, Yunlian and Zhang, Man and Sun, Zhenan and Tan, Tieniu},
  journal={IEEE transactions on pattern analysis and machine intelligence},
  volume={40},
  number={2},
  pages={332--351},
  year={2018},
  publisher={IEEE}
}

@book{zhangshi2003,
  title={体质人类学},
  author={张实},
  publisher={云南大学出版社},
  year={2003},
}


@book{xihuanjiu2010,
  title={人体测量方法},
  author={席焕久 and 陈昭},
  publisher={科学出版社},
  year={2010},
}

@article{smart2009race,
  title={Race, Ethnicity and Nation: Perspectives from Kinship and Genetics},
  author={Smart, Andrew and Wade, Peter},
  journal={Journal of Biosocial Science},
  volume={41},
  number={4},
  pages={557},
  year={2009},
  publisher={Cambridge University Press}
}

@article{hao2002,
  title={Ethnos (民族) 和 Ethnic group (族群) 的早期含义与应用},
  author={郝时远},
  journal={民族研究},
  number={4},
  pages={1--10},
  year={2002}
}



%----------------------end-------------------
@article{Wiese2012The,
  title={The role of age and ethnic group in face recognition memory: ERP evidence from a combined own-age and own-race bias study},
  author={Wiese, Holger},
  journal={Biological Psychology},
  volume={89},
  number={1},
  pages={137-147},
  year={2012},
}

@article{Tiffany2009The,
  title={The neural correlates of race},
  author={Tiffany A. Ito and Bruce D. Bartholow},
  journal={Trends in cognitive sciences},
  volume={13},
  number={12},
  pages={524-31},
  year={2009},
}

@Article{stahl2011determinants,
  author  = {Phil. Stahl, Johanna},
  title   = {Determinants of the Own-Race Bias and neural correlates of own- and other-race face processing},
  journal = {环境科学与工程:a},
  year    = {2015},
  number  = {3},
  pages   = {143-153},
}
%---------------------robert
@article{kubota2012neuroscience,
  title={The neuroscience of race},
  author={Kubota, Jennifer T and Banaji, Mahzarin R and Phelps, Elizabeth A},
  journal={Nature neuroscience},
  volume={15},
  number={7},
  pages={940},
  year={2012},
  publisher={Nature Publishing Group}
}

@article{Roberts2008THE,
  title={THE NEW FACE OF AMERICA},
  author={Roberts, Sam},
  journal={New York Times Upfront},
  volume={30},
  number={30},
  pages={157-179},
  year={2008},
}
%-------------------------
@inproceedings{yin2004towards,
  title={Towards race-related face identification: research on skin color transfer},
  author={Yin, Lijun and Jia, Jingrong and Morrissey, Joseph},
  booktitle={Automatic Face and Gesture Recognition, 2004. Proceedings. Sixth IEEE International Conference on},
  pages={362--368},
  year={2004},
  organization={IEEE}
}

@article{anzures2011minimizing,
  title={Minimizing Skin Color Differences Does Not Eliminate the Own-Race Recognition Advantage in Infants},
  author={Anzures, Gizelle and Pascalis, Olivier and Quinn, Paul C and Slater, Alan M and Lee, Kang},
  journal={Infancy},
  volume={16},
  number={6},
  pages={640--654},
  year={2011},
  publisher={Wiley Online Library}
}

@article{strom2012skin,
  title={Skin and bones: the contribution of skin tone and facial structure to racial prototypicality ratings},
  author={Strom, Michael A and Zebrowitz, Leslie A and Zhang, Shunan and Bronstad, P Matthew and Lee, Hoon Koo},
  journal={PLoS One},
  volume={7},
  number={7},
  pages={e41193},
  year={2012},
  publisher={Public Library of Science}
}
%-----------------------bigbig dan---

@book{farkas1994anthropometry,
  title={Anthropometry of the Head and Face},
  author={Farkas, Leslie G},
  year={1994},
  publisher={Raven Pr}
}

@book{enlow1990facial,
  title={Facial growth},
  author={Enlow, Donald H},
  year={1990},
  publisher={WB Saunders Company}
}

@article{sun2018,
  title={基于虹膜纹理深度特征和 Fisher 向量的人种分类},
  author={王雅丽 and 马静 and 李海青 and 张曼 and 孙哲南},
  journal={中国图象图形学报},
  volume={23},
  number={1},
  pages={28--38},
  year={2018}
}

%---------------------周未增加文献

@article{Wang2016Correntropy,
  title={Correntropy Matching Pursuit With Application to Robust Digit and Face Recognition},
  author={Wang, Y. and Tang, Y. Y. and Li, L.},
  journal={IEEE Transactions on Cybernetics},
  volume={47},
  number={6},
  pages={1354-1366},
  year={2016},
}

@article{Long2017Face,
  title={Face Recognition with A Small Occluded Training Set Using Spatial and Statistical Pooling},
  author={Long, Yang and Zhu, Fan and Shao, Ling and Han, Junwei},
  journal={Information Sciences},
  year={2017},
}

@article{Zhu2018Improved,
  title={Improved principal component analysis and linear regression classification for face recognition},
  author={Zhu, Yani and Zhu, Chaoyang and Li, Xiaoxin},
  journal={Signal Processing},
  volume={145},
  pages={175-182},
  year={2018},
}

@article{Xu2014Integrating,
  title={Integrating Conventional and Inverse Representation for Face Recognition},
  author={Xu, Y. and Li, X. and Yang, J. and Lai, Z. and Zhang, D.},
  journal={IEEE Transactions on Cybernetics},
  volume={44},
  number={10},
  pages={1738-1746},
  year={2014},
}

@article{Jiang2016Noise,
  title={Noise Robust Face Image Super-Resolution Through Smooth Sparse Representation},
  author={Jiang, J. and Ma, J. and Chen, C. and Jiang, X. and Wang, Z.},
  journal={IEEE Transactions on Cybernetics},
  volume={PP},
  number={99},
  pages={1-12},
  year={2016},
}

@article{Zhou2014Recent,
  title={Recent Advances on Singlemodal and Multimodal Face Recognition: A Survey},
  author={Zhou, Hailing and Mian, Ajmal and Wei, Lei and Creighton, Doug and Mo, Hossny and Nahavandi, Saeid},
  journal={IEEE Transactions on Human-Machine Systems},
  volume={44},
  number={6},
  pages={701-716},
  year={2014},
}

@article{Wang2014Robust,
  title={Robust Face Recognition via Adaptive Sparse Representation.},
  author={Wang, J. and Lu, C. and Wang, M. and Li, P. and Yan, S. and Hu, X.},
  journal={IEEE Transactions on Cybernetics},
  volume={44},
  number={12},
  pages={2368-2378},
  year={2014},
}

@article{panquan2006,
  title={基于描述特征的人脸识别研究},
  author={高全学 and 潘泉 and 梁彦 and 张洪才 and 程咏梅},
  journal={自动化学报},
  volume={32},
  number={3},
  pages={386-392},
  year={2006},
}

@phdthesis{zhangyudeeplearning2016,
  title={基于深度学习的人脸民族识别},
  author={张宇},
  school={华南理工大学},
  year={2016},
}

@article{luchong2015,
  title={用于少数民族人脸图像识别的算法比较研究},
  author={路翀},
  journal={伊犁师范学院学报},
  number={3},
  pages={73-77},
  year={2015},
}

@article{liujinyuface2016,
  title={多民族人脸表情变换},
  author={刘瑾煜 and 魏巍 and 李振元},
  journal={软件},
  volume={37},
  number={3},
  pages={58-61},
  year={2016},
}


%---------------------周未增加文献


@phdthesis{lu2008,
  title={人脸识别中几个关键算法研究},
  author={卢湖川},
  school={大连理工大学},
  year={2008},
}

@inproceedings{Shakhnarovich2002A,
  title={A Unified Learning Framework for Real Time Face Detection and Classification},
  author={Shakhnarovich, Gregory and Viola, Paul A. and Moghaddam, Baback},
  booktitle={IEEE International Conference on Automatic Face and Gesture Recognition, 2002. Proceedings},
  pages={14-21},
  year={2002},
}

@article{Lu2004Ethnicity,
  title={Ethnicity identification from face images},
  author={Lu, Xiaoguang and Jain, Anil K.},
  journal={Proceedings of SPIE - The International Society for Optical Engineering},
  volume={5404},
  pages={114-123},
  year={2004},
}

@inproceedings{Hosoi2004Ethnicity,
  title={Ethnicity estimation with facial images},
  author={Hosoi, S. and Takikawa, E. and Kawade, M.},
  booktitle={IEEE International Conference on Automatic Face and Gesture Recognition},
  pages={195-200},
  year={2004},
}

@inproceedings{qiu2006global,
  title={Global texture analysis of iris images for ethnic classification},
  author={Qiu, Xianchao and Sun, Zhenan and Tan, Tieniu},
  booktitle={International Conference on Biometrics},
  pages={411--418},
  year={2006},
  organization={Springer}
}

@inproceedings{gutta1998gender,
  title={Gender and ethnic classification of face images},
  author={Gutta, Srinivas and Wechsler, Harry and Phillips, P Jonathon},
  booktitle={Automatic Face and Gesture Recognition, 1998. Proceedings. Third IEEE International Conference on},
  pages={194--199},
  year={1998},
  organization={IEEE}
}

@inproceedings{Ou2005A,
  title={A real time race classification system},
  author={Ou, Yongsheng and Wu, Xinyu and Qian, Huihuan and Xu, Yangsheng},
  booktitle={IEEE International Conference on Information Acquisition},
  pages={6 pp.},
  year={2005},
}

@article{O1996An,
  title={An 'other-race effect' for categorizing faces by sex.},
  author={O'Toole, A. J. and Peterson, J and Deffenbacher, K. A.},
  journal={Perception},
  volume={25},
  number={6},
  pages={669-76},
  year={1996},
}

@article{Awwad2013Arabic,
  title={Arabic Race Classification of Face Images},
  author={Awwad, Ahmad and Ahmad, Ashraf and Salameh, Walid A.},
  journal={International Journal of Computers and Technology},
  volume={4},
  number={2},
  pages={397-402},
  year={2013},
}

@article{haoshiyuan2002,
  title={Ethnos(民族)和Ethnic group(族群)的早期含义与应用},
  author={郝时远},
  journal={民族研究},
  number={4},
  pages={1-10},
  year={2002},
}

@article{wagner2012toward,
  title={Toward a practical face recognition system: Robust alignment and illumination by sparse representation},
  author={Wagner, Andrew and Wright, John and Ganesh, Arvind and Zhou, Zihan and Mobahi, Hossein and Ma, Yi},
  journal={IEEE Transactions on Pattern Analysis and Machine Intelligence},
  volume={34},
  number={2},
  pages={372--386},
  year={2012},
  publisher={IEEE}
}

@inproceedings{ortiz2013face,
  title={Face recognition in movie trailers via mean sequence sparse representation-based classification},
  author={Ortiz, Enrique G and Wright, Alan and Shah, Mubarak},
  booktitle={Proceedings of the IEEE Conference on Computer Vision and Pattern Recognition},
  pages={3531--3538},
  year={2013}
}

@article{bledsoe1966man,
  title={Man-machine facial recognition},
  author={Bledsoe, Woodrow Wilson},
  journal={Rep. PRi},
  volume={22},
  year={1966}
}

@book{kanade1977computer,
  title={Computer recognition of human faces},
  author={Kanade, Takeo},
  volume={47},
  year={1977},
  publisher={Birkh{\"a}user Basel}
}

@article{brunelli1993face,
  title={Face recognition: Features versus templates},
  author={Brunelli, Roberto and Poggio, Tomaso},
  journal={IEEE transactions on pattern analysis and machine intelligence},
  volume={15},
  number={10},
  pages={1042--1052},
  year={1993},
  publisher={IEEE}
}

@article{brooks2010no,
  title={No role for lightness in the perception of black and white? Simultaneous contrast affects perceived skin tone, but not perceived race},
  author={Brooks, Kevin R and Gwinn, O Scott},
  journal={Perception},
  volume={39},
  number={8},
  pages={1142--1145},
  year={2010},
  publisher={SAGE Publications Sage UK: London, England}
}

@Article{akbari2012fuzzy,
  author  = {Akbari, Rohollah and Mozaffari, Saeed},
  title   = {Fuzzy Moments Method for Face Recognition in an Ethnic Database},
  journal = {International Journal of Signal Processing Image Processing \& Pattern Recognition},
  year    = {2012},
  volume  = {5},
}


@article{turk1991eigenfaces,
  title={Eigenfaces for recognition},
  author={Turk, Matthew and Pentland, Alex},
  journal={Journal of cognitive neuroscience},
  volume={3},
  number={1},
  pages={71--86},
  year={1991},
  publisher={MIT Press}
}

@article{levin1996classifying,
  title={Classifying faces by race: The structure of face categories.},
  author={Levin, Daniel T},
  journal={Journal of Experimental Psychology: Learning, Memory, and Cognition},
  volume={22},
  number={6},
  pages={1364},
  year={1996},
  publisher={American Psychological Association}
}


@incollection{yan2009state,
  title={State-of-the-art on video-based face recognition},
  author={Yan, Yan and Zhang, Yu-Jin},
  booktitle={Encyclopedia of Artificial Intelligence},
  pages={1455--1461},
  year={2009},
  publisher={IGI Global}
}


@inproceedings{salah2013fusing,
  title={Fusing local binary patterns with wavelet features for ethnicity identification},
  author={Salah, S Hma and Du, H and Al-Jawad, N},
  booktitle={Proceedings of World Academy of Science, Engineering and Technology},
  number={79},
  pages={471},
  year={2013},
  organization={World Academy of Science, Engineering and Technology (WASET)}
}

@inproceedings{fu2011spiking,
  title={Spiking neural networks based cortex like mechanism: A case study for facial expression recognition},
  author={Fu, Si-Yao and Yang, Guo-Sheng and Hou, Zeng-Guang},
  booktitle={Neural Networks (IJCNN), The 2011 International Joint Conference on},
  pages={1637--1642},
  year={2011},
  organization={IEEE}
}

@inproceedings{ding2013facial,
  title={Facial ethnicity classification based on boosted local texture and shape descriptions},
  author={Ding, Huaxiong and Huang, Di and Wang, Yunhong and Chen, Liming},
  booktitle={Automatic Face and Gesture Recognition (FG), 2013 10th IEEE International Conference and Workshops on},
  pages={1--6},
  year={2013},
  organization={IEEE}
}

@article{wang2017facial,
  title={Facial semantic representation for ethnical Chinese minorities based on geometric similarity},
  author={Wang, Cunrui and Zhang, Qingling and Duan, Xiaodong and Liu, Wanquan and Gan, Jianhou},
  journal={International Journal of Machine Learning and Cybernetics},
  pages={1--21},
  year={2017},
  publisher={Springer}
}

@article{XiaodongAFSNN,
  title={AFSNN: a classification algorithm using axiomatic fuzzy sets and neural networks},
  author={Xiaodong Duan,Yuangang Wang,Witold Pedrycz,Xiaodong Liu,Cunrui Wang,Zedong Li},
  journal={IEEE Transactions on FuzzySystems},
  volume={14},
  number={8},
  pages={1-1},
  year={2015},
}

@article{duanxd2016,
  title={基于AFS的多民族人脸语义描述与挖掘方法研究},
  author={段晓东 and 李泽东},
  journal={计算机学报},
  volume={39},
  number={7},
  pages={1435-1449},
  year={2016},
}

@article{Li2017Multi,
  title={Multi-ethnic facial features extraction based on axiomatic fuzzy set theory},
  author={Li, Zedong and Duan, Xiaodong and Zhang, Qingling and Wang, Cunrui and Wang, Yuangang and Liu, Wanquan},
  journal={Neurocomputing},
  volume={242},
  pages={161-177},
  year={2017},
}

@article{Zedong2017A,
  title={A Novel Semantic Approach for Multi-ethnic Face Recognition},
  author={Zedong  Li and Qingling  Zhang and Xiaodong  Duan and Yuangang  Wang},
  journal={International Journal of Pattern Recognition and Artificial Intelligence},
  volume={39},
  number={7},
  pages={1435-1449},
  year={2017},
}

@article{Wang2016Semantic,
  title={Semantic description method for face features of larger Chinese ethnic groups based on improved WM method},
  author={Wang, Yuangang and Duan, Xiaodong and Liu, Xiaodong and Wang, Cunrui and Li, Zedong},
  journal={Neurocomputing},
  volume={175},
  number={PA},
  pages={515-528},
  year={2016},
}

@article{wright2009robust,
  title={Robust face recognition via sparse representation},
  author={Wright, John and Yang, Allen Y and Ganesh, Arvind and Sastry, S Shankar and Ma, Yi},
  journal={IEEE transactions on pattern analysis and machine intelligence},
  volume={31},
  number={2},
  pages={210--227},
  year={2009},
  publisher={IEEE}
}

@article{aharon2006rm,
  title={$ rm k $-SVD: An algorithm for designing overcomplete dictionaries for sparse representation},
  author={Aharon, Michal and Elad, Michael and Bruckstein, Alfred},
  journal={IEEE Transactions on signal processing},
  volume={54},
  number={11},
  pages={4311--4322},
  year={2006},
  publisher={IEEE}
}

@article{mairal2008discriminative,
  title={Discriminative sparse image models for class-specific edge detection and image interpretation},
  author={Mairal, Julien and Leordeanu, Marius and Bach, Francis and Hebert, Martial and Ponce, Jean},
  journal={Computer Vision--ECCV 2008},
  pages={43--56},
  year={2008},
  publisher={Springer}
}

@inproceedings{yang2010metaface,
  title={Metaface learning for sparse representation based face recognition},
  author={Yang, Meng and Zhang, Lei and Yang, Jian and Zhang, David},
  booktitle={Image Processing (ICIP), 2010 17th IEEE International Conference on},
  pages={1601--1604},
  year={2010},
  organization={IEEE}
}

@article{yang2007globally,
  title={Globally maximizing, locally minimizing: unsupervised discriminant projection with applications to face and palm biometrics},
  author={Yang, Jian and Zhang, David and Yang, Jing-yu and Niu, Ben},
  journal={IEEE transactions on pattern analysis and machine intelligence},
  volume={29},
  number={4},
  pages={650--664},
  year={2007},
  publisher={IEEE}
}

@inproceedings{biglari2013illumination,
  title={Illumination invariant face recognition using SQI and weighted LBP histogram},
  author={Biglari, Mohsen and Mirzaei, Faezeh and Ebrahimpour-Komeh, Hossein},
  booktitle={Pattern Recognition and Image Analysis (PRIA), 2013 First Iranian Conference on},
  pages={1--7},
  year={2013},
  organization={IEEE}
}

@inproceedings{mohimani2007fast,
  title={Fast sparse representation based on smoothed ℓ 0 norm},
  author={Mohimani, G Hosein and Babaie-Zadeh, Massoud and Jutten, Christian},
  booktitle={International Conference on Independent Component Analysis and Signal Separation},
  pages={389--396},
  year={2007},
  organization={Springer}
}

@article{waqas2013collaborative,
  title={Collaborative neighbor representation based classification using l2-minimization approach},
  author={Waqas, Jadoon and Yi, Zhang and Zhang, Lei},
  journal={Pattern Recognition Letters},
  volume={34},
  number={2},
  pages={201--208},
  year={2013},
  publisher={Elsevier}
}

@inproceedings{milborrow2014activeshape,
  title={Active shape models with SIFT descriptors and MARS},
  author={Milborrow, Stephen and Nicolls, Fred},
  booktitle={Computer Vision Theory and Applications (VISAPP), 2014 International Conference on},
  volume={2},
  pages={380--387},
  year={2014},
  organization={IEEE}
}

@article{ding2005minimumred,
  title={Minimum redundancy feature selection from microarray gene expression data},
  author={Ding, Chris and Peng, Hanchuan},
  journal={Journal of bioinformatics and computational biology},
  volume={3},
  number={02},
  pages={185--205},
  year={2005},
  publisher={World Scientific}
}

@article{Anselmo1991Automates,
  title={Automates et codes zigzag. Automata and zigzag codes. (Automates et codes zigzag.)},
  author={Anselmo, Marcella},
  journal={RAIRO - Theoretical Informatics and Applications},
  volume={25},
  number={1},
  year={1991},
}

@book{han2011datamin,
  title={Data mining: concepts and techniques},
  author={Han, Jiawei and Pei, Jian and Kamber, Micheline},
  year={2011},
  publisher={Elsevier}
}

@article{bouckaert2010,
  title={WEKA{\^a}ˆ’Experiences with a Java Open-Source Project},
  author={Bouckaert, Remco R and Frank, Eibe and Hall, Mark A and Holmes, Geoffrey and Pfahringer, Bernhard and Reutemann, Peter and Witten, Ian H},
  journal={Journal of Machine Learning Research},
  volume={11},
  number={Sep},
  pages={2533--2541},
  year={2010}
}
%----------------------1.2.2
@article{lindsay1991other,
  title={Other-race face perception.},
  author={Lindsay, D Stephen and Jack, Philip C and Christian, Marcus A},
  journal={Journal of applied psychology},
  volume={76},
  number={4},
  pages={587},
  year={1991},
  publisher={American Psychological Association}
}
@book{songshuhua2001,
  title={中国民族槪论},
  author={宋蜀华 and 陈克进},
  year={2001},
  publisher={中央民族大学出版社}
}
@book{he2002,
  title={中国少数民族分布图集},
  author={He, Shiyuan},
  year={2002},
  publisher={Zhongguo di tu chu ban she}
}

%---------------------人类学综述

@Article{aiqionghua1993megngu,
  author  = {艾琼华 and 赵建新},
  title   = {新疆蒙古族体质人类学研究},
  journal = {人类学学报},
  year    = {1994},
  number  = {1},
  pages   = {46-55},
}


@article{zhenglianbin1997,
  title={宁夏回族体质特征研究},
  author={郑连斌 and 朱钦},
  journal={人类学学报},
  number={1},
  pages={11-21},
  year={1997},
}


@article{aiqionghua1993,
  title={维吾尔族的体质特征研究},
  author={艾琼华 and 肖辉},
  journal={人类学学报},
  number={4},
  pages={357-365},
  year={1993},
}

@article{zhangzhenbiao1983,
  title={广西壮族体质特征},
  author={张振标 and 张建军},
  journal={人类学学报},
  number={3},
  pages={260-271},
  year={1983},
}

@article{zhangzhenbiao1985,
  title={藏族的体质特征},
  author={张振标},
  journal={人类学学报},
  number={3},
  pages={250-258},
  year={1985},
}

@article{haojianwen2010,
  title={中国北方5个少数民族人群面部五官特征统计分析},
  author={郝建文 and 万立华 and 李隆广 and 陈守榕},
  journal={重庆医科大学学报},
  volume={35},
  number={2},
  pages={297-303},
  year={2010},
}

@article{lixiaolin2009,
  title={中国南方5个少数民族人群面部五官形态特征研究},
  author={李小林 and 万立华 and 兰玉文 and 陈守榕},
  journal={重庆医科大学学报},
  volume={34},
  number={10},
  pages={1378-1383},
  year={2009},
}
@article{xuefeng2011,
  title={中国西南地区6个少数民族面貌特征分析},
  author={綦雪峰 and 万立华 and 兰玉文 and 陈文静},
  journal={重庆医科大学学报},
  volume={36},
  number={4},
  pages={455-462},
  year={2011},
}

@article{liyonglan2014,
  title={中国南方汉族群体的头面部特征},
  author={李咏兰 and 宇克莉 and 陆舜华 and 郑连斌 and 张兴华 and 李玉玲 and 王杨 and 薛虹},
  journal={人类学学报},
  volume={33},
  number={1},
  pages={101-108},
  year={2014},
}

@article{sunsi2006,
  title={贵州南部地区苗族、畲族和汉族头面部形态特征调查},
  author={孙思 and 何学华 and 曹显明 and 邱祥智 and 张勋 and 余跃生},
  journal={黔南民族医专学报},
  volume={19},
  number={3},
  pages={129-132},
  year={2006},
}

@book{zhanghaiguo2012,
  title={中华56个民族肤纹},
  author={张海国},
  publisher={上海交通大学出版社},
  year={2012},
}
%---------------------------end-------------------

@inproceedings{Guo2010A,
  title={A study of large-scale ethnicity estimation with gender and age variations},
  author={Guo, Guodong and Mu, Guowang},
  booktitle={Computer Vision and Pattern Recognition Workshops},
  pages={79-86},
  year={2010},
}
@inproceedings{Tariq2010Gender,
  title={Gender and ethnicity identification from silhouetted face profiles},
  author={Tariq, Usman and Hu, Yuxiao and Huang, Thomas S.},
  booktitle={IEEE International Conference on Image Processing},
  pages={2413-2416},
  year={2010},
}
@inproceedings{Zhang2008Gender,
  title={Gender recognition based on fusion on face and gait information},
  author={Zhang, De and Wang, Yun Hong},
  booktitle={International Conference on Machine Learning and Cybernetics},
  pages={62-67},
  year={2008},
}

@inproceedings{Zhang2010Ethnicity,
  title={Ethnicity classification based on gait using multi-view fusion},
  author={Zhang, De and Wang, Yunhong and Bhanu, Bir},
  booktitle={Computer Vision and Pattern Recognition Workshops},
  pages={108-115},
  year={2010},
}

@book{Zhang2012Ethnicity,
  title={Ethnicity Classification Based on a Hierarchical Fusion},
  author={Zhang, De and Wang, Yunhong and Zhang, Zhaoxiang},
  publisher={Springer Berlin Heidelberg},
  pages={300-307},
  year={2012},
}
%52
@inproceedings{Xie2012A,
  title={A robust approach to facial ethnicity classification on large scale face databases},
  author={Xie, Y. and Luu, K. and Savvides, M.},
  booktitle={IEEE Fifth International Conference on Biometrics: Theory, Applications and Systems},
  pages={143-149},
  year={2012},
}
%136
@inproceedings{Zarei2013Artificial,
  title={Artificial Neural Network for Prediction of Ethnicity Based on Iris Texture},
  author={Zarei, Anahita and Mou, Duxing},
  booktitle={International Conference on Machine Learning and Applications},
  pages={514-519},
  year={2013},
}
%138
@inproceedings{Lagree2011Ethnicity,
  title={Ethnicity Prediction Based on Iris Texture Features},
  author={Lagree, Stephen and Bowyer, Kevin W.},
  booktitle={Midwest Artificial Intelligence and Cognitive Science Conference 2011, Cincinnati, Ohio, Usa, April},
  pages={225-230},
  year={2011},
}
%140
@inproceedings{Lagree2011Predicting,
  title={Predicting ethnicity and gender from iris texture},
  author={Lagree, S. and Bowyer, K. W.},
  booktitle={IEEE International Conference on Technologies for Homeland Security},
  pages={440-445},
  year={2011},
}
%137
@inproceedings{Zhang2011Ethnic,
  title={Ethnic Classification Based on Iris Images},
  author={Zhang, Hui and Sun, Zhenan and Tan, Tieniu and Wang, Jianyu},
  booktitle={Chinese Conference on Biometric Recognition},
  pages={82-90},
  year={2011},
}
%143

@InProceedings{Li2008Investigating,
  author    = {Li, Yunghui and Savvides, Marios and Chen, Tsuhan},
  title     = {Investigating useful and distinguishing features around the eyelash region},
  booktitle = {Applied Imagery Pattern Recognition Workshop, 2008. AIPR'08. 37th IEEE},
  year      = {2008},
  pages     = {1--6},
}
%152
@inproceedings{Lu2006Multimodal,
  title={Multimodal facial gender and ethnicity identification},
  author={Lu, Xiaoguang and Chen, Hong and Jain, Anil K.},
  booktitle={International Conference on Biometrics},
  pages={554-561},
  year={2006},
}

%121
@inproceedings{Zhong2009Fuzzy,
  title={Fuzzy 3D Face Ethnicity Categorization},
  author={Zhong, Cheng and Sun, Zhenan and Tan, Tieniu},
  booktitle={International Conference on Advances in Biometrics},
  pages={386-393},
  year={2009},
}


%169
@article{Klare2012Face,
  title={Face Recognition Performance: Role of Demographic Information},
  author={Klare, Brendan F. and Burge, Mark J. and Klontz, Joshua C. and Bruegge, Richard W. Vorder and Jain, Anil K.},
  journal={IEEE Transactions on Information Forensics and Security},
  volume={7},
  number={6},
  pages={1789-1801},
  year={2012},
}
%144 145 146

@inproceedings{Gutta1999Gender,
  title={Gender and ethnic classification of human faces using hybrid classifiers},
  author={Gutta, S. and Wechsler, H.},
  booktitle={International Joint Conference on Neural Networks},
  pages={4084-4089 vol.6},
  year={1999},
}

@article{Gutta2000Mixture,
  title={Mixture of experts for classification of gender, ethnic origin, and pose of human faces},
  author={Gutta, S. and Huang, J. R. J. and Jonathon, P. and Wechsler, H.},
  journal={IEEE Transactions on Neural Networks},
  volume={11},
  number={4},
  pages={948},
  year={2000},
}
%117 166
@inproceedings{Duan2010Ethnic,
  title={Ethnic Features extraction and recognition of human faces},
  author={Duan, Xiao Dong and Wang, Cun Rui and Liu, Xiang Dong and Li, Zhi Jie and Wu, Jun and Zhang, Hai Long},
  booktitle={International Conference on Advanced Computer Control},
  year={2010},
}
@article{Li2013A,
  title={A Novel Survey Based on Multiethnic Facial Semantic Web},
  author={Li Zedong and Duan Xiaodong and Zhang Qingling},
  journal={Telkomnika Indonesian Journal of Electrical Engineering},
  volume={11},
  number={9},
  year={2013},
}
%118
@inproceedings{Lin2006A,
  title={A New Automatic Recognition System of Gender, Age and Ethnicity},
  author={Lin, Hui and Lu, Huchuan and Zhang, Lihe},
  booktitle={Intelligent Control and Automation, 2006. WCICA 2006. The Sixth World Congress on},
  pages={9988-9991},
  year={2006},
}

%153
@article{Toderici2010Ethnicity,
  title={Ethnicity- and Gender-based Subject Retrieval Using 3-D Face-Recognition Techniques},
  author={Toderici, George and O’Malley, Sean M. and Passalis, George and Theoharis, Theoharis and Kakadiaris, Ioannis A.},
  journal={International Journal of Computer Vision},
  volume={89},
  number={2-3},
  pages={382-391},
  year={2010},
}

%112
@article{Tin2011Race,
  title={Race Identification for Face Images},
  author={Tin, Hhk and Sein, M. M.},
  journal={International Journal on Information Technology},
  volume={volume 1},
  number={Issue 2},
  year={2011},
}
%170
@article{Bellustin2011Instant,
  title={Instant Human Face Attributes Recognition System},
  author={Bellustin, N. and Kalafati, Y.},
  journal={International Journal of Advanced Computer Science and Applications},
  volume={Special Issue},
  number={3},
  pages={269-282},
  year={2011},
}
%171

@InProceedings{Wu2004Facial,
  author       = {Wu, Bo and Ai, Haizhou and Huang, Chang},
  title        = {Facial image retrieval based on demographic classification},
  booktitle    = {Pattern Recognition, 2004. ICPR 2004. Proceedings of the 17th International Conference on},
  year         = {2004},
  volume       = {3},
  pages        = {914--917},
  organization = {IEEE},
}
%123 124
@article{GHULAM2012RACE,
  title={RACE CLASSIFICATION FROM FACE IMAGES USING LOCAL DESCRIPTORS},
  author={GHULAM  MUHAMMAD and MUHAMMAD HUSSAIN and FATMAH  ALENEZY and GEORGE  BEBIS and ANWAR M.  MIRZA and HATIM ABOALSAMH},
  journal={International Journal on Artificial Intelligence Tools},
  volume={21},
  number={05},
  pages={399-177},
  year={2012},
}

%120
@inproceedings{Manesh2011Facial,
  title={Facial part displacement effect on template-based gender and ethnicity classification},
  author={Manesh, F. Saei and Ghahramani, M. and Tan, Y. P.},
  booktitle={International Conference on Control Automation Robotics and Vision},
  pages={1644-1649},
  year={2011},
}


%126

@inproceedings{Ahmed2008Training,
  title={Training Hierarchical Feed-Forward Visual Recognition Models Using Transfer Learning from Pseudo-Tasks.},
  author={Ahmed, Amr and Yu, Kai and Xu, Wei and Gong, Yihong and Xing, Eric},
  booktitle={Computer Vision - ECCV 2008,  European Conference on Computer Vision, Marseille, France, October 12-18, 2008, Proceedings},
  pages={69-82},
  year={2008},
}

%53
@inproceedings{Roomi2012Race,
  title={Race Classification Based on Facial Features},
  author={Roomi, S. Md. Mansoor and Virasundarii, S. L. and Selvamegala, S. and Jeevanandham, S. and Hariharasudhan, D.},
  booktitle={Computer Vision, Pattern Recognition, Image Processing and Graphics},
  pages={54-57},
  year={2012},
}

%178
@article{Gao2008The,
  title={The CAS-PEAL Large-Scale Chinese Face Database and Baseline Evaluations},
  author={Gao, Wen and Cao, Bo and Shan, Shiguang and Chen, Xilin and Zhou, Delong and Zhang, Xiaohua and Zhao, Debin},
  journal={IEEE Transactions on Systems, Man, and Cybernetics - Part A: Systems and Humans},
  volume={38},
  number={1},
  pages={149-161},
  year={2008},
}

%179
@inproceedings{Bastanfard2008Iranian,
  title={Iranian Face Database with age, pose and expression},
  author={Bastanfard, Azam and Nik, Melika Abbasian and Dehshibi, Mohammad Mahdi},
  booktitle={International Conference on Machine Vision},
  pages={50-55},
  year={2008},
}

%155
@inproceedings{Gupta2010Texas,
  title={Texas 3D Face Recognition Database},
  author={Gupta, Shalini and Castleman, Kenneth R. and Markey, Mia K. and Bovik, Alan C.},
  booktitle={Image Analysis and Interpretation},
  pages={97-100},
  year={2010},
}

%159


@article{Gupta2010Anthropometric,
  title={Anthropometric 3D Face Recognition},
  author={Gupta, Shalini and Markey, Mia K. and Bovik, Alan C.},
  journal={International Journal of Computer Vision},
  volume={90},
  number={3},
  pages={331-349},
  year={2010},
}
%180 181


@article{Hwang2004Performance,
  title={Performance Evaluation of Face Recognition Algorithms on Asian Face Database},
  author={Hwang, Bon Woo and Roh, Myung Cheol and Lee, Seong Whan},
  journal={Studies in Health Technology and Informatics},
  volume={192},
  number={192},
  pages={278},
  year={2004},
}
@book{Bon2003Performance,
  title={Performance Evaluation of Face Recognition Algorithms on the Asian Face Database, KFDB},
  author={Bon-Woo, Hwang and Byun, Hyeran and Myoung-Cheol, Roh and Seong-Whan, Lee},
  publisher={Springer Berlin Heidelberg},
  pages={557-565},
  year={2003},
}
%182
@article{Lyons1999Automatic,
  title={Automatic classification of single facial images},
  author={Lyons, Michael J and Budynek, J and Akamatsu, S},
  journal={Pattern Analysis and Machine Intelligence IEEE Transactions on},
  volume={21},
  number={12},
  pages={1357-1362},
  year={1999},
}
%183

@Article{cafe,
  author  = {Dailey, M and Cottrell, GW and Reilly, J},
  title   = {California facial expressions (cafe)},
  journal = {Unpublished digital images, University of California, San Diego, Computer Science and Engineering Department},
  year    = {2001},
}
%184
@article{Chen2016An,
  title={An ensemble of patch-based subspaces for makeup-robust face recognition},
  author={Chen, Cunjian and Dantcheva, Antitza and Ross, Arun},
  journal={Information Fusion},
  volume={32},
  number={PB},
  pages={80-92},
  year={2016},
}
%185
@article{Sim2003The,
  title={The CMU pose, illumination, and expression database},
  author={Sim, T. and Baker, S. and Bsat, M.},
  journal={IEEE Transactions on Pattern Analysis and Machine Intelligence},
  volume={25},
  number={12},
  pages={1615-1618},
  year={2003},
}
%186
@inproceedings{Zhang2013A,
  title={A high-resolution spontaneous 3D dynamic facial expression database},
  author={Zhang, Xing and Yin, Lijun and Cohn, Jeffrey F. and Canavan, Shaun},
  booktitle={IEEE International Conference and Workshops on Automatic Face and Gesture Recognition},
  pages={1-6},
  year={2013},
}
%187 188 error
@inproceedings{Kanade2002Comprehensive,
  title={Comprehensive database for facial expression analysis},
  author={Kanade, T. and Cohn, J. F. and Tian, Yingli},
  booktitle={IEEE International Conference on Automatic Face and Gesture Recognition, 2000. Proceedings},
  pages={46},
  year={2002},
}
%189

@techreport{Dong2001,
title={Asian face image database PF01},
author={H. Dong and N. Gu},
institution={Dep. Comput. Sci. Eng., Pohang Univ},
year={2001},
}
%176

@article{phillips1998feret,
  title={The FERET database and evaluation procedure for face-recognition algorithms},
  author={Phillips, P Jonathon and Wechsler, Harry and Huang, Jeffery and Rauss, Patrick J},
  journal={Image and vision computing},
  volume={16},
  number={5},
  pages={295--306},
  year={1998},
  publisher={Elsevier}
}

@InProceedings{Phillips1996FERET,
  author       = {Muhammad, Ghulam and Hussain, Muhammad and Alenezy, Fatimah and Bebis, George and Mirza, Anwar M and Aboalsamh, Hatim},
  title        = {Race recognition from face images using Weber local descriptor},
  booktitle    = {Systems, Signals and Image Processing (IWSSIP), 2012 19th International Conference on},
  year         = {2012},
  pages        = {421--424},
  organization = {IEEE},
}

@article{Zawbaay2012Hajj,
  title={Hajj and Umrah Event Classification Datasets},
  author={Zawbaay, Hossam and Aly, Salah A.},
  journal={International Journal of Image Processing and Visual Communication},
  volume={1},
  number={2},
  year={2012},
}


%191 nonono

%192
@article{Thomaz2010A,
  title={A new ranking method for principal components analysis and its application to face image analysis},
  author={Thomaz, Carlos Eduardo and Giraldi, Gilson Antonio},
  journal={Image and Vision Computing},
  volume={28},
  number={6},
  pages={902-913},
  year={2010},
}

%72
@article{Biehl1997Matsumoto,
  title={Matsumoto and Ekman's Japanese and Caucasian Facial Expressions of Emotion (JACFEE): Reliability Data and Cross-National Differences},
  author={Biehl, Michael and Matsumoto, David and Ekman, Paul and Hearn, Valerie and Heider, Karl and Kudoh, Tsutomu and Ton, Veronica},
  journal={Journal of Nonverbal Behavior},
  volume={21},
  number={1},
  pages={3-21},
  year={1997},
}
%177
@inproceedings{Riccio2012EGA,
  title={EGA — Ethnicity, gender and age, a pre-annotated face database},
  author={Riccio, Daniel and Tortora, Genny and Marsico, Maria De and Wechsler, Harry},
  booktitle={Biometric Measurements and Systems for Security and Medical Applications},
  pages={1-8},
  year={2012},
}
@inproceedings{lyle2010soft,
  title={Soft biometric classification using periocular region features},
  author={Lyle, Jamie R and Miller, Philip E and Pundlik, Shrinivas J and Woodard, Damon L},
  booktitle={Biometrics: Theory Applications and Systems (BTAS), 2010 Fourth IEEE International Conference on},
  pages={1--7},
  year={2010},
  organization={IEEE}
}
%-------------------end     charter 2

@article{yi2014learning,
  title={Learning face representation from scratch},
  author={Yi, Dong and Lei, Zhen and Liao, Shengcai and Li, Stan Z},
  journal={arXiv preprint arXiv:1411.7923},
  year={2014}
}

@InProceedings{Ng2015A,
  author    = {Ng, Hong Wei and Winkler, Stefan},
  title     = {A data-driven approach to cleaning large face datasets},
  booktitle = {IEEE International Conference on Image Processing},
  year      = {2015},
  pages     = {343-347},
}

@InCollection{learned2016labeled,
  author    = {Learned-Miller, Erik and Huang, Gary B and RoyChowdhury, Aruni and Li, Haoxiang and Hua, Gang},
  title     = {Labeled faces in the wild: A survey},
  booktitle = {Advances in face detection and facial image analysis},
  publisher = {Springer},
  year      = {2016},
  pages     = {189--248},
}

@InProceedings{kemelmacher2016megaface,
  author    = {Kemelmacher-Shlizerman, Ira and Seitz, Steven M and Miller, Daniel and Brossard, Evan},
  title     = {The megaface benchmark: 1 million faces for recognition at scale},
  booktitle = {Proceedings of the IEEE Conference on Computer Vision and Pattern Recognition},
  year      = {2016},
  pages     = {4873--4882},
}

@InProceedings{kumar2009attribute,
  author       = {Kumar, Neeraj and Berg, Alexander C and Belhumeur, Peter N and Nayar, Shree K},
  title        = {Attribute and simile classifiers for face verification},
  booktitle    = {Computer Vision, 2009 IEEE 12th International Conference on},
  year         = {2009},
  pages        = {365--372},
  organization = {IEEE},
}

@InProceedings{wolf2011face,
  author       = {Wolf, Lior and Hassner, Tal and Maoz, Itay},
  title        = {Face recognition in unconstrained videos with matched background similarity},
  booktitle    = {Computer Vision and Pattern Recognition (CVPR), 2011 IEEE Conference on},
  year         = {2011},
  pages        = {529--534},
  organization = {IEEE},
}

@InProceedings{lucey2010extended,
  author       = {Lucey, Patrick and Cohn, Jeffrey F and Kanade, Takeo and Saragih, Jason and Ambadar, Zara and Matthews, Iain},
  title        = {The extended cohn-kanade dataset (ck+): A complete dataset for action unit and emotion-specified expression},
  booktitle    = {Computer Vision and Pattern Recognition Workshops (CVPRW), 2010 IEEE Computer Society Conference on},
  year         = {2010},
  pages        = {94--101},
  organization = {IEEE},
}

@Article{banziger2010introducing,
  author    = {B{\"a}nziger, Tanja and Scherer, Klaus R},
  title     = {Introducing the geneva multimodal emotion portrayal (gemep) corpus},
  journal   = {Blueprint for affective computing: A sourcebook},
  year      = {2010},
  pages     = {271--294},
  publisher = {Oxford University Press Oxford, UK},
}

@InProceedings{dhall2011static,
  author       = {Dhall, Abhinav and Goecke, Roland and Lucey, Simon and Gedeon, Tom},
  title        = {Static facial expression analysis in tough conditions: Data, evaluation protocol and benchmark},
  booktitle    = {Computer Vision Workshops (ICCV Workshops), 2011 IEEE International Conference on},
  year         = {2011},
  pages        = {2106--2112},
  organization = {IEEE},
}

@Article{Rothe-IJCV-2016,
  author  = {Rasmus Rothe and Radu Timofte and Luc Van Gool},
  title   = {Deep expectation of real and apparent age from a single image without facial landmarks},
  journal = {International Journal of Computer Vision (IJCV)},
  year    = {2016},
  month   = {July},
}

@Article{eidinger2014age,
  author    = {Eidinger, Eran and Enbar, Roee and Hassner, Tal},
  title     = {Age and gender estimation of unfiltered faces},
  journal   = {IEEE Transactions on Information Forensics and Security},
  year      = {2014},
  volume    = {9},
  number    = {12},
  pages     = {2170--2179},
  publisher = {IEEE},
}

@InProceedings{chen14cross,
  author    = {Bor-Chun Chen and Chu-Song Chen and Winston H. Hsu},
  title     = {Cross-Age Reference Coding for Age-Invariant Face Recognition and Retrieval},
  booktitle = {Proceedings of the European Conference on Computer Vision ({ECCV})},
  year      = {2014},
}

@Article{zhangkorean1986,
  author  = {张振标},
  title   = {吉林省朝鲜族体质特征},
  journal = {人类学学报},
  year    = {1986},
  volume  = {5},
  number  = {2},
  pages   = {153--161},
}

@Article{aiqionghua1996uyghur,
  author  = {艾琼华 and 赛福鼎 and 许煜和 and 阿不都艾尼},
  title   = {新疆哈萨克族、维吾尔族和蒙古族头面部观察特征比较},
  journal = {人类学学报},
  year    = {1996},
  number  = {1},
  pages   = {50-57},
}

@InProceedings{Sagonas2013A,
  author    = {Sagonas, Christos and Tzimiropoulos, Georgios and Zafeiriou, Stefanos and Pantic, Maja},
  title     = {A Semi-automatic Methodology for Facial Landmark Annotation},
  booktitle = {IEEE Conference on Computer Vision and Pattern Recognition Workshops},
  year      = {2013},
  pages     = {896-903},
}

@Article{Sagonas2016300,
  author  = {Sagonas, Christos and Antonakos, Epameinondas and Tzimiropoulos, Georgios and Zafeiriou, Stefanos and Pantic, Maja},
  title   = {300 Faces In-The-Wild Challenge: database and results},
  journal = {Image \& Vision Computing},
  year    = {2016},
  volume  = {47},
  pages   = {3-18},
}

@Book{Cootes2001Active,
  title     = {Active appearance models},
  publisher = {IEEE Computer Society},
  year      = {2001},
  author    = {Cootes, T. F. and Edwards, G. J. and Taylor, C. J.},
  pages     = {484-498},
}

@Article{Matthews2004Active,
  author  = {Matthews, Iain and Baker, Simon},
  title   = {Active Appearance Models Revisited},
  journal = {International Journal of Computer Vision},
  year    = {2004},
  volume  = {60},
  number  = {2},
  pages   = {135-164},
}

@InProceedings{Tzimiropoulos2013Optimization,
  author    = {Tzimiropoulos, Georgios and Pantic, Maja},
  title     = {Optimization Problems for Fast AAM Fitting in-the-Wild},
  booktitle = {IEEE International Conference on Computer Vision},
  year      = {2013},
  pages     = {593-600},
}

@InProceedings{Alabortimedina2014Bayesian,
  author    = {Alabortimedina, Joan and Zafeiriou, Stefanos},
  title     = {Bayesian Active Appearance Models},
  booktitle = {IEEE Conference on Computer Vision and Pattern Recognition},
  year      = {2014},
  pages     = {3438-3445},
}

@Article{Cootes1995Active,
  author  = {Cootes, T. F. and Taylor, C. J. and Cooper, D. H. and Graham, J.},
  title   = {Active shape models—their training and application},
  journal = {Computer Vision \& Image Understanding},
  year    = {1995},
  volume  = {61},
  number  = {1},
  pages   = {38-59},
}

@InProceedings{Cristinacce2006Feature,
  author    = {Cristinacce, David and Cootes, Timothy F.},
  title     = {Feature Detection and Tracking with Constrained Local Models},
  booktitle = {British Machine Vision Conference 2006, Edinburgh, Uk, September},
  year      = {2006},
  pages     = {929-938},
}

@InProceedings{Ramanan2012Face,
  author    = {Ramanan, Deva},
  title     = {Face detection, pose estimation, and landmark localization in the wild},
  booktitle = {IEEE Conference on Computer Vision and Pattern Recognition},
  year      = {2012},
  pages     = {2879-2886},
}

@InProceedings{Xiong2013Supervised,
  author    = {Xiong, Xuehan and Torre, Fernando De La},
  title     = {Supervised Descent Method and Its Applications to Face Alignment},
  booktitle = {Computer Vision and Pattern Recognition},
  year      = {2013},
  pages     = {532-539},
}

@InProceedings{Sun2013Deep,
  author    = {Sun, Yi and Wang, Xiaogang and Tang, Xiaoou},
  title     = {Deep Convolutional Network Cascade for Facial Point Detection},
  booktitle = {IEEE Conference on Computer Vision and Pattern Recognition},
  year      = {2013},
  pages     = {3476-3483},
}

@Article{Lee1980Two,
  author  = {Lee, D. T. and Schachter, B. J.},
  title   = {Two algorithms for constructing a Delaunay triangulation},
  journal = {International Journal of Computer \& Information Sciences},
  year    = {1980},
  volume  = {9},
  number  = {3},
  pages   = {219-242},
}

@Article{Riemann1954Bernhard,
  author    = {Riemann, Bernhard},
  title     = {{\"U}ber die Hypothesen, welche der Geometrie zu Grunde liegen},
  journal   = {Physikalische Bl{\"a}tter},
  year      = {1954},
  volume    = {10},
  number    = {7},
  pages     = {296--306},
  publisher = {Wiley Online Library},
}

@Article{Seung2000Cognition,
  author  = {Seung, H. S. and Lee, D. D.},
  title   = {Cognition. The manifold ways of perception},
  journal = {Science},
  year    = {2000},
  volume  = {290},
  number  = {5500},
  pages   = {2268-9},
}

@Article{Hadid2013Demographic,
  author  = {Hadid, Abdenour and Pietikäinen, Matti},
  title   = {Demographic classification from face videos using manifold learning},
  journal = {Neurocomputing},
  year    = {2013},
  volume  = {100},
  number  = {2},
  pages   = {197-205},
}

@Article{Hastie1984Principal,
  author  = {Hastie, Trevor},
  title   = {Principal Curves and Surfaces},
  journal = {Department of Statistics Technical Report 11},
  year    = {1984},
}

@Article{Hastie1989Principal,
  author  = {Hastie, Trevor and Stuetzle, Werner},
  title   = {Principal Curves},
  journal = {Journal of the American Statistical Association},
  year    = {1989},
  volume  = {84},
  number  = {406},
  pages   = {502-516},
}

@Article{Roweis2000Nonlinear,
  author  = {Roweis, S. T. and Saul, L. K.},
  title   = {Nonlinear dimensionality reduction by locally linear embedding},
  journal = {Science},
  year    = {2000},
  volume  = {290},
  number  = {5500},
  pages   = {2323},
}

@Article{Tenenbaum2000A,
  author  = {Tenenbaum, Joshua B. and Silva, Vin De and Langford, John C.},
  title   = {A Global Geometric Framework for Nonlinear Dimensionality Reduction},
  journal = {Science},
  year    = {2000},
  volume  = {290},
  number  = {5500},
  pages   = {2319-23},
}

@Book{Bourbaki1961Elements,
  title     = {Elements of Mathematics},
  publisher = {Allyn and Bacon,},
  year      = {1961},
  author    = {Bourbaki, Nicolas},
  pages     = {85-124},
}

@Book{Belkin2003Laplacian,
  title     = {Laplacian Eigenmaps for dimensionality reduction and data representation},
  publisher = {MIT Press},
  year      = {2003},
  author    = {Belkin, Mikhail and Niyogi, Partha},
  pages     = {1373-1396},
}

@Article{Zhang2003Zha,
  author  = {Zhang, Zhenyue and Zha, Hongyuan},
  title   = {Zha, H.: Principle Manifolds and Nonlinear Dimensionality Reduction via Tangent Space Aligenment. SIAM J. Sci. Compute 26(1), 313-338},
  journal = {Siam Journal of Scientific Computing},
  year    = {2003},
  volume  = {26},
  number  = {4},
  pages   = {313--338},
}

@InProceedings{Weinberger2004Learning,
  author    = {Weinberger, Kilian Q. and Sha, Fei and Saul, Lawrence K.},
  title     = {Learning a kernel matrix for nonlinear dimensionality reduction},
  booktitle = {International Conference on Machine Learning},
  year      = {2004},
  pages     = {106},
}

@Article{Donoho2003Hessian,
  author  = {Donoho, David L. and Grimes, Carrie},
  title   = {Hessian Eigenmaps: Locally Linear Embedding Techniques for High-Dimensional Data},
  journal = {Proceedings of the National Academy of Sciences of the United States of America},
  year    = {2003},
  volume  = {100},
  number  = {10},
  pages   = {5591},
}

@InProceedings{Brun2005Fast,
  author    = {Brun, Anders and Herberthson, Magnus and Herberthson, Magnus and Knutsson, Hans},
  title     = {Fast manifold learning based on riemannian normal coordinates},
  booktitle = {Scandinavian Conference on Image Analysis},
  year      = {2005},
  pages     = {920-929},
}

@Article{Hinton2002Stochastic,
  author  = {Hinton, Geoffrey and Roweis, Sam},
  title   = {Stochastic Neighbor Embedding},
  journal = {Advances in Neural Information Processing Systems},
  year    = {2002},
  volume  = {41},
  number  = {4},
  pages   = {833--840},
}

@InProceedings{Brand2002Charting,
  author    = {Brand, Matthew},
  title     = {Charting a manifold},
  booktitle = {Advances in Neural Information Processing Systems},
  year      = {2002},
  pages     = {961--968},
}

@Article{Coifman2005Geometric,
  author  = {Coifman, R. R. and Lafon, S. and Lee, A. B. and Maggioni, M. and Nadler, B. and Warner, F. and Zucker, S. W.},
  title   = {Geometric diffusions as a tool for harmonic analysis and structure definition of data: Diffusion maps},
  journal = {Proceedings of the National Academy of Sciences of the United States of America},
  year    = {2005},
  volume  = {102},
  number  = {21},
  pages   = {7426},
}

@Book{Li2007Alignment,
  title     = {Alignment of Overlapping Locally Scaled Patches for Multidimensional Scaling and Dimensionality Reduction},
  publisher = {IEEE Computer Society},
  year      = {2007},
  author    = {Li, Yang},
  pages     = {438-50},
}

@Article{Lin2008Riemannian,
  author  = {Lin, Tong and Zha, Hongbin},
  title   = {Riemannian Manifold Learning},
  journal = {IEEE Transactions on Pattern Analysis \& Machine Intelligence},
  year    = {2008},
  volume  = {30},
  number  = {5},
  pages   = {796-809},
}

@InProceedings{Bengio2003Out,
  author    = {Bengio, Yoshua and Vincent, Pascal and Delalleau, Olivier and Roux, Nicolas Le and Ouimet, Marie},
  title     = {Out-of-sample extensions for LLE, Isomap, MDS, Eigenmaps, and Spectral Clustering},
  booktitle = {International Conference on Neural Information Processing Systems},
  year      = {2003},
  pages     = {177-184},
}

@Article{Br2003A,
  author  = {Br, Matthev and Huang, Kun},
  title   = {A Unifying Theorem for Spectral Embedding and Clustering},
  journal = {Ai \& Stats},
  year    = {2003},
}

@Article{He2003Locality,
  author  = {He, X. and Niyogi, P.},
  title   = {Locality preserving projections},
  journal = {Advances in Neural Information Processing Systems},
  year    = {2003},
  volume  = {16},
  number  = {1},
  pages   = {186-197},
}

@InProceedings{He2005Face,
  author    = {He, Xiaofei and Yan, Shuicheng and Hu, Yuxiao and Niyogi, Partha and Zhang, Hong Jiang},
  title     = {Face recognition using laplacianfaces},
  booktitle = {IEEE Transactions on Pattern Analysis and Machine Intelligence},
  year      = {2005},
  pages     = {328--340},
}

@PhdThesis{zhengxianhua2009phd,
  author = {曾宪华},
  title  = {流形学习的谱方法相关问题研究},
  school = {北京交通大学},
  year   = {2009},
}

@Article{wangxianmeiage,
  author  = {王先梅 and 梁玲燕 and 王志良 and 胡四泉},
  title   = {人脸图像的年龄估计技术研究},
  journal = {中国图象图形学报},
  year    = {2012},
  volume  = {17},
  number  = {6},
  pages   = {603-618},
}

@Article{Guo2008Image,
  author  = {Guo, Guodong and Fu, Yun and Dyer, Charles R. and Huang, Thomas S.},
  title   = {Image-Based Human Age Estimation by Manifold Learning and Locally Adjusted Robust Regression},
  journal = {IEEE Transactions on Image Processing},
  year    = {2008},
  volume  = {17},
  number  = {7},
  pages   = {1178-88},
}

@InProceedings{Kwon1999Age,
  author    = {Kwon, Young Ho and Vitoria Lobo, N Da},
  title     = {Age classification from facial images},
  booktitle = {Computer Vision and Pattern Recognition, 1994. Proceedings CVPR '94., 1994 IEEE Computer Society Conference on},
  year      = {1999},
  pages     = {762-767},
}

@Article{Horng2001Classification,
  author  = {Horng, W. B},
  title   = {Classification of age groups based on facial features},
  journal = {Tamkang Journal of Science and Engineering},
  year    = {2001},
  volume  = {4},
  number  = {3},
  pages   = {183-192},
}

@InProceedings{Lu2011Fusing,
  author    = {Lu, Jiwen and Tan, Yap Peng},
  title     = {Fusing shape and texture information for facial age estimation},
  booktitle = {IEEE International Conference on Acoustics, Speech and Signal Processing},
  year      = {2011},
  pages     = {1477-1480},
}

@InProceedings{Suo2008Design,
  author    = {Suo, Jinli and Wu, Tianfu and Zhu, Songchun and Shan, Shiguang},
  title     = {Design sparse features for age estimation using hierarchical face model},
  booktitle = {IEEE International Conference on Automatic Face and Gesture Recognition},
  year      = {2008},
  pages     = {1-6},
}

@Article{Fu2008Human,
  author  = {Fu, Yun and Huang, T. S},
  title   = {Human Age Estimation With Regression on Discriminative Aging Manifold},
  journal = {IEEE Transactions on Multimedia},
  year    = {2008},
  volume  = {10},
  number  = {4},
  pages   = {578-584},
}

@Article{Cai2006Orthogonal,
  author  = {Cai, D. and He, X. and Han, J. and Zhang, H. J.},
  title   = {Orthogonal Laplacianfaces for Face Recognition},
  journal = {IEEE Transactions on Image Processing A Publication of the IEEE Signal Processing Society},
  year    = {2006},
  volume  = {15},
  number  = {11},
  pages   = {3608},
}

@PhdThesis{chenhongfeng2012phd,
  author = {陈江峰},
  title  = {线性图嵌入算法及其应用},
  school = {北京交通大学},
  year   = {2012},
}

@InProceedings{Shan2005Appearance,
  author    = {Shan, Caifeng and Gong, Shaogang and Mcowan, Peter W.},
  title     = {Appearance Manifold of Facial Expression},
  booktitle = {International Workshop on Human-Computer Interaction},
  year      = {2005},
  pages     = {221-230},
}

@Article{Chang2006Facial,
  author  = {Chang, Ya},
  title   = {Facial Expression Analysis on Manifolds},
  journal = {Dissertation Abstracts International, Volume: 67-09, Section: B, page: 5183.;Adviser: Matthew Turk.},
  year    = {2006},
}

@InProceedings{Chang2004Probabilistic,
  author    = {Chang, Ya and Hu, Changbo and Turk, M},
  title     = {Probabilistic expression analysis on manifolds},
  booktitle = {Computer Vision and Pattern Recognition, 2004. CVPR 2004. Proceedings of the 2004 IEEE Computer Society Conference on},
  year      = {2004},
  pages     = {II-520-II-527 Vol.2},
}

@InProceedings{Essa1995Facial,
  author    = {Essa, I. A. and Pentland, A. P.},
  title     = {Facial expression recognition using a dynamic model and motion energy},
  booktitle = {International Conference on Computer Vision, 1995. Proceedings},
  year      = {1995},
  pages     = {360-367},
}

@Article{Yacoob1996Recognizing,
  author  = {Yacoob, Y and Davis, L. S},
  title   = {Recognizing human facial expressions from long image sequences using optical flow},
  journal = {Pattern Analysis \& Machine Intelligence IEEE Transactions on},
  year    = {1996},
  volume  = {18},
  number  = {6},
  pages   = {636-642},
}

@InProceedings{Lien1998Automated,
  author    = {Lien, James J and Kanade, Takeo and Cohn, Jeffrey F and Li, Ching Chung},
  title     = {Automated Facial Expression Recognition Based on FACS Action Units},
  booktitle = {. International Conference on Face \& Gesture Recognition},
  year      = {1998},
  pages     = {390},
}



@Book{Herpers1998An,
  title     = {An Attentive Processing Strategy for the Analysis of Facial Features},
  publisher = {Springer Berlin Heidelberg},
  year      = {1998},
  author    = {Herpers, R. and Sommer, G.},
  pages     = {457-468},
}

@InProceedings{Pardas2001Facial,
  author    = {Pardas, M and Losada, M},
  title     = {Facial parameter extraction system based on active contours},
  booktitle = {International Conference on Image Processing, 2001. Proceedings},
  year      = {2001},
  pages     = {1058-1061 vol.1},
}

@Article{Chang2006Manifold,
  author  = {Chang, Ya and Hu, Changbo and Feris, Rogerio and Turk, Matthew},
  title   = {Manifold based analysis of facial expression},
  journal = {Image \& Vision Computing},
  year    = {2006},
  volume  = {24},
  number  = {6},
  pages   = {605-614},
}

@Book{Shan2009Linear,
  title     = {Linear Subspace Learning for Facial Expression Analysis},
  publisher = {InTech},
  year      = {2009},
  author    = {Shan, Caifeng},
}

@InProceedings{Wang2008Manifold,
  author       = {Wang, Ruiping and Shan, Shiguang and Chen, Xilin and Gao, Wen},
  title        = {Manifold-manifold distance with application to face recognition based on image set},
  booktitle    = {Computer Vision and Pattern Recognition, 2008. CVPR 2008. IEEE Conference on},
  year         = {2008},
  pages        = {1--8},
  organization = {IEEE},
}

@InProceedings{Wang2009Manifold,
  author    = {Wang, Ruiping and Chen, Xilin},
  title     = {Manifold Discriminant Analysis},
  booktitle = {Computer Vision and Pattern Recognition, 2009. CVPR 2009. IEEE Conference on},
  year      = {2009},
  pages     = {429-436},
}

@Article{Xiao2011Facial,
  author  = {Xiao, Rui and Zhao, Qijun and Zhang, David and Shi, Pengfei},
  title   = {Facial expression recognition on multiple manifolds},
  journal = {Pattern Recognition},
  year    = {2011},
  volume  = {44},
  number  = {1},
  pages   = {107-116},
}

@InProceedings{Li2001Learning,
  author       = {Li, Stan Z and Hou, Xin Wen and Zhang, Hong Jiang and Cheng, Qian Sheng},
  title        = {Learning spatially localized, parts-based representation},
  booktitle    = {Computer Vision and Pattern Recognition, 2001. CVPR 2001. Proceedings of the 2001 IEEE Computer Society Conference on},
  year         = {2001},
  volume       = {1},
  pages        = {I--I},
  organization = {IEEE},
}

@Article{Mart2002Recognizing,
  author  = {Martínez, Aleix M.},
  title   = {Recognizing imprecisely localized, partially occluded, andexpression variant faces from a single sample per class},
  journal = {IEEE Transactions on Pattern Analysis \& Machine Intelligence},
  year    = {2002},
  volume  = {24},
  number  = {6},
  pages   = {748-763},
}

@InProceedings{Chang2007Analyzing,
  author    = {Chang, Wen Yan and Chen, Chu Song and Hung, Yi Ping},
  title     = {Analyzing Facial Expression by Fusing Manifolds},
  booktitle = {Asian Conference on Computer Vision},
  year      = {2007},
  pages     = {621-630},
}

@Article{Lu2013Discriminative,
  author  = {Lu, Jiwen and Tan, Yap Peng and Wang, Gang},
  title   = {Discriminative Multimanifold Analysis for Face Recognition from a Single Training Sample per Person},
  journal = {IEEE Transactions on Pattern Analysis \& Machine Intelligence},
  year    = {2013},
  volume  = {35},
  number  = {1},
  pages   = {39-51},
}

@PhdThesis{zhengning2016,
  author = {郑宁},
  title  = {基于子空间分析的面部表情特征提取算法研究},
  school = {郑州大学},
  year   = {2016},
}

@Article{xushuang2009,
  author  = {续爽 and 贾云得},
  title   = {基于表情相似性的人脸表情流形},
  journal = {软件学报},
  year    = {2009},
  volume  = {20},
  number  = {8},
  pages   = {2191-2198},
}

@Book{wurukang1984,
  title     = {人体测量方法},
  publisher = {科学出版社},
  year      = {1984},
  author    = {吴汝康},
}

@Article{china20112010,
  author  = {中华人民共和国国家统计局},
  title   = {2010年第六次全国人口普查主要数据公报(第1号)},
  journal = {中国计划生育学杂志},
  year    = {2011},
  volume  = {54},
  number  = {8},
  pages   = {511-512},
}

@Book{zongcan2014map,
  title     = {中华人民共和国地图},
  publisher = {星球地图出版社},
  year      = {2014},
  author    = {总参谋部测绘导航局},
}

@InProceedings{Ding2003Minimum,
  author    = {Ding, C and Peng, H},
  title     = {Minimum redundancy feature selection from microarray gene expression data},
  booktitle = {Bioinformatics Conference, 2003. Csb 2003. Proceedings of the},
  year      = {2003},
  pages     = {523-528},
}

@Article{Peng2005Feature,
  author  = {Peng, Hanchuan and Long, Fuhui and Ding, Chris},
  title   = {Feature selection based on mutual information criteria of max-dependency, max-relevance, and min-redundancy},
  journal = {IEEE Transactions on Pattern Analysis \& Machine Intelligence},
  year    = {2005},
  volume  = {27},
  number  = {8},
  pages   = {1226-1238},
}

@Book{1993THE,
  title     = {C4.5: programs for machine learning},
  publisher = {Elsevier},
  year      = {2014},
  author    = {Quinlan, J Ross},
}

@Article{Zhang2009Feature,
  author  = {Zhang, Min Ling and Peña, José M. and Robles, Victor},
  title   = {Feature selection for multi-label naive Bayes classification},
  journal = {Information Sciences},
  year    = {2009},
  volume  = {179},
  number  = {19},
  pages   = {3218-3229},
}

@Article{Gopnik2004A,
  author  = {Gopnik, A. and Glymour, C. and Sobel, D. M.},
  title   = {A theory of causal learning in children: causal maps and Bayes nets.},
  journal = {Psychological Review},
  year    = {2004},
  volume  = {111},
  number  = {1},
  pages   = {3},
}

@Article{Kokshenev2008A,
  author  = {Kokshenev, Illya and Braga, Antonio Padua},
  title   = {A multi-objective approach to RBF network learning},
  journal = {Neurocomputing},
  year    = {2008},
  volume  = {71},
  number  = {7–9},
  pages   = {1203-1209},
}

@TechReport{Joachims1999Making,
  author      = {Joachims, Thorsten},
  title       = {Making large-scale SVM learning practical},
  institution = {Technical report, SFB 475: Komplexit{\"a}tsreduktion in Multivariaten Datenstrukturen, Universit{\"a}t Dortmund},
  year        = {1998},
}

@Article{yukeli2016,
  author  = {宇克莉 and 郑连斌 and 李咏兰 and 席焕久 and 陆舜华 and 张兴华 and 包金萍},
  title   = {中国北方、南方汉族头面部形态学特征的差异},
  journal = {解剖学报},
  year    = {2016},
  volume  = {47},
  number  = {3},
  pages   = {404-408},
}

@Article{yukeli2016beihan,
  author  = {宇克莉 and 郑连娬 and 李咏兰 and 席煥久},
  title   = {中国北方汉族头面部形态学特征},
  journal = {解剖学杂志},
  year    = {2016},
  volume  = {39},
  number  = {3},
  pages   = {350-354},
}

@Article{cunrui2011,
  author  = {王存睿 and 张庆灵 and 段晓东 and 刘向东},
  title   = {基于尺度聚类仿射过滤的图像拼接算法},
  journal = {东北大学学报(自然科学版)},
  year    = {2011},
  volume  = {32},
  number  = {7},
  pages   = {917-921},
}

@Article{cunrui20101,
  author  = {王存睿 and 王楠楠 and 段晓东 and 张庆灵},
  title   = {生物地理学优化算法综述},
  journal = {计算机科学},
  year    = {2010},
  volume  = {37},
  number  = {7},
  pages   = {34-38},
}

@Article{cunrui2018a,
  author  = {王存睿 and 张庆灵 and 段晓东 and 王元刚 and 李泽东},
  title   = {基于流形结构的人脸民族特征研究},
  journal = {自动化学报},
  year    = {2018, 44(1): 140-159.},
  volume  = {44},
  number  = {1},
  pages   = {140-159.},
}

@Article{Craw1999How,
  author  = {Craw, Ian and Costen, Nicholas and Kato, Takashi and Akamatsu, Shigeru},
  title   = {How Should We RepresentFaces for Automatic Recognition?},
  journal = {IEEE Transactions on Pattern Analysis \& Machine Intelligence},
  year    = {1999},
  volume  = {21},
  number  = {8},
  pages   = {725-736},
}

@Article{Pentland2000Face,
  author  = {Pentland, Alex and Choudhury, Tanzeem},
  title   = {Face recognition for smart environments},
  journal = {Computer},
  year    = {2000},
  volume  = {33},
  number  = {2},
  pages   = {50-55},
}

@InProceedings{Viola2003Rapid,
  author    = {Viola, Paul and Jones, Michael},
  title     = {Rapid Object Detection using a Boosted Cascade of Simple Features},
  booktitle = {Computer Vision and Pattern Recognition, 2001. CVPR 2001. Proceedings of the 2001 IEEE Computer Society Conference on},
  year      = {2003},
  pages     = {I-511-I-518 vol.1},
}

@InProceedings{Papageorgiou2002A,
  author    = {Papageorgiou, Constantine P and Oren, Michael and Poggio, Tomaso},
  title     = {A General Framework for Object Detection},
  booktitle = {International Conference on Computer Vision},
  year      = {2002},
  pages     = {555-562},
}

@Article{Jones2001Robust,
  author  = {Jones, Michael and Viola, Paul},
  title   = {Robust real-time object detection},
  journal = {International Journal of Computer Vision},
  year    = {2001},
  volume  = {57},
  number  = {2},
  pages   = {87},
}

@Article{Higashijima2008Face,
  author  = {Higashijima, Y. and Takano, S. and Niijima, K. and Higashijima, Y. and Niijima, K.},
  title   = {Face Recognition Using Long Haar-like Filters},
  journal = {Learning},
  year    = {2008},
}

@InProceedings{Lowe1999Object,
  author    = {Lowe, David G},
  title     = {Object Recognition from Local Scale-Invariant Features},
  booktitle = {iccv},
  year      = {1999},
  pages     = {1150},
}

@Article{Bay2008Speeded,
  author  = {Bay, Herbert and Ess, Andreas and Tuytelaars, Tinne and Gool, Luc Van},
  title   = {Speeded-Up Robust Features (SURF)},
  journal = {Computer Vision \& Image Understanding},
  year    = {2008},
  volume  = {110},
  number  = {3},
  pages   = {346-359},
}

@Article{Toews2009Detection,
  author  = {Toews, Matthew and Arbel, Tal},
  title   = {Detection, Localization, and Sex Classification of Faces from Arbitrary Viewpoints and under Occlusion},
  journal = {IEEE Transactions on Pattern Analysis \& Machine Intelligence},
  year    = {2009},
  volume  = {31},
  number  = {9},
  pages   = {1567-1581},
}

@Article{zadeh1971quantitative,
  author    = {Zadeh, Lotfi A},
  title     = {Quantitative fuzzy semantics},
  journal   = {Information sciences},
  year      = {1971},
  volume    = {3},
  number    = {2},
  pages     = {159--176},
  publisher = {Elsevier},
}

@Article{zadeh1975concept,
  author    = {Zadeh, Lotfi Asker},
  title     = {The concept of a linguistic variable and its application to approximate reasoning—I},
  journal   = {Information sciences},
  year      = {1975},
  volume    = {8},
  number    = {3},
  pages     = {199--249},
  publisher = {Elsevier},
}

@Article{zadeh2015fuzzy,
  author    = {Zadeh, Lotfi A},
  title     = {Fuzzy logic—a personal perspective},
  journal   = {Fuzzy Sets and Systems},
  year      = {2015},
  volume    = {281},
  pages     = {4--20},
  publisher = {Elsevier},
}

@Article{zadeh1988fuzzy,
  author    = {Zadeh, Lotfi Asker},
  title     = {Fuzzy logic},
  journal   = {Computer},
  year      = {1988},
  volume    = {21},
  number    = {4},
  pages     = {83--93},
  publisher = {IEEE},
}

@Article{zadeh1996fuzzy,
  author    = {Zadeh, Lotfi A},
  title     = {Fuzzy logic= computing with words},
  journal   = {IEEE transactions on fuzzy systems},
  year      = {1996},
  volume    = {4},
  number    = {2},
  pages     = {103--111},
  publisher = {IEEE},
}

@Article{zadeh2001foreword,
  author    = {Zadeh, Lotfi A},
  title     = {Foreword-recognition technology and fuzzy logic},
  journal   = {IEEE Transactions on Fuzzy Systems},
  year      = {2001},
  volume    = {9},
  number    = {1},
  pages     = {3--4},
  publisher = {IEEE},
}

@Article{chai20101,
  author  = {王永富 and 王殿辉 and 柴天佑},
  title   = {一个具有完备性和鲁棒性的模糊规则提取算法},
  journal = {自动化学报},
  year    = {2010},
  volume  = {36},
  number  = {9},
  pages   = {1337--1342},
}

@Article{chai20102,
  author  = {王永富 and 王殿辉 and 柴天佑},
  title   = {基于数据挖掘与系统理论建立摩擦模糊模型与控制补偿},
  journal = {自动化学报},
  year    = {2010},
  volume  = {36},
  number  = {3},
  pages   = {412--420},
}

@Article{hinton2006reducing,
  author    = {Hinton, Geoffrey E and Salakhutdinov, Ruslan R},
  title     = {Reducing the dimensionality of data with neural networks},
  journal   = {science},
  year      = {2006},
  volume    = {313},
  number    = {5786},
  pages     = {504--507},
  publisher = {American Association for the Advancement of Science},
}

@Article{conilione2012fuzzy,
  author    = {Conilione, Paul and Wang, Dianhui},
  title     = {Fuzzy approach for semantic face image retrieval},
  journal   = {The Computer Journal},
  year      = {2012},
  volume    = {55},
  number    = {9},
  pages     = {1130--1145},
  publisher = {Oxford University Press},
}

@Article{khanum2009fuzzy,
  author    = {Khanum, Aasia and Mufti, Muid and Javed, M Younus and Shafiq, M Zubair},
  title     = {Fuzzy case-based reasoning for facial expression recognition},
  journal   = {Fuzzy sets and systems},
  year      = {2009},
  volume    = {160},
  number    = {2},
  pages     = {231--250},
  publisher = {Elsevier},
}

@Article{moallem2011novel,
  author    = {Moallem, Payman and Mousavi, Bibi Somayeh and Monadjemi, S Amirhassan},
  title     = {A novel fuzzy rule base system for pose independent faces detection},
  journal   = {Applied Soft Computing},
  year      = {2011},
  volume    = {11},
  number    = {2},
  pages     = {1801--1810},
  publisher = {Elsevier},
}

@Article{ibanez2011modeling,
  author    = {Ib{\'a}nez, Oscar and Cord{\'o}n, Oscar and Damas, Sergio and Santamaria, Jos{\'e}},
  title     = {Modeling the skull--face overlay uncertainty using fuzzy sets},
  journal   = {IEEE Transactions on Fuzzy Systems},
  year      = {2011},
  volume    = {19},
  number    = {5},
  pages     = {946--959},
  publisher = {IEEE},
}

@Article{ren2016semantic,
  author    = {Ren, Yan and Li, Qilin and Liu, Wanquan and Li, Ling},
  title     = {Semantic facial descriptor extraction via axiomatic fuzzy set},
  journal   = {Neurocomputing},
  year      = {2016},
  volume    = {171},
  pages     = {1462--1474},
  publisher = {Elsevier},
}

@Article{xiaodong1998fuzzy,
  author    = {Xiaodong, Liu},
  title     = {The fuzzy theory based on AFS algebras and AFS structure},
  journal   = {Journal of Mathematical Analysis and Applications},
  year      = {1998},
  volume    = {217},
  number    = {2},
  pages     = {459--478},
  publisher = {Elsevier},
}

@Article{liu1998topology,
  author    = {Liu, XD},
  title     = {The topology of AFS structure and AFS algebras},
  journal   = {JOURNAL OF MATHEMATICAL ANALYSIS AND APPLICATIONS},
  year      = {1998},
  volume    = {217},
  number    = {2},
  pages     = {479--489},
  publisher = {ACADEMIC PRESS INC 525 B ST, STE 1900, SAN DIEGO, CA 92101-4495 USA},
}

@Article{Xiaodong1998,
  author    = {Xiaodong, Liu},
  title     = {The fuzzy sets and systems based on AFS. structure, EI algebra and EII algebra},
  journal   = {Fuzzy Sets and Systems},
  year      = {1998},
  volume    = {95},
  number    = {2},
  pages     = {179--188},
  publisher = {Elsevier},
}

@Book{liu2009axiomatic,
  title     = {Axiomatic fuzzy set theory and its applications},
  publisher = {Springer},
  year      = {2009},
  author    = {Liu, Xiaodong and Pedrycz, Witold},
  volume    = {244},
}

@InProceedings{He2016Deep,
  author    = {He, Kaiming and Zhang, Xiangyu and Ren, Shaoqing and Sun, Jian},
  title     = {Deep Residual Learning for Image Recognition},
  booktitle = {Computer Vision and Pattern Recognition},
  year      = {2016},
  pages     = {770-778},
}

@InProceedings{erhan2014scalable,
  author    = {Erhan, Dumitru and Szegedy, Christian and Toshev, Alexander and Anguelov, Dragomir},
  title     = {Scalable object detection using deep neural networks},
  booktitle = {Proceedings of the IEEE Conference on Computer Vision and Pattern Recognition},
  year      = {2014},
  pages     = {2147--2154},
}

@Article{Dahl2012Context,
  author  = {Dahl, George E. and Yu, Dong and Deng, Li and Acero, Alex},
  title   = {Context-Dependent Pre-Trained Deep Neural Networks for Large-Vocabulary Speech Recognition},
  journal = {IEEE Transactions on Audio Speech \& Language Processing},
  year    = {2012},
  volume  = {20},
  number  = {1},
  pages   = {30-42},
}

@Article{Hinton2012Deep,
  author  = {Hinton, Geoffrey and Deng, Li and Yu, Dong and Dahl, George E. and Mohamed, Abdelrahman and Jaitly, Navdeep and Senior, Andrew and Vanhoucke, Vincent and Nguyen, Patrick and Sainath, Tara N.},
  title   = {Deep Neural Networks for Acoustic Modeling in Speech Recognition: The Shared Views of Four Research Groups},
  journal = {IEEE Signal Processing Magazine},
  year    = {2012},
  volume  = {29},
  number  = {6},
  pages   = {82-97},
}


@inproceedings{gurghian2016deeplanes,
  title={DeepLanes: End-To-End Lane Position Estimation Using Deep Neural Networks.},
  author={Gurghian, Alexandru and Koduri, Tejaswi and Bailur, Smita V and Carey, Kyle J and Murali, Vidya N},
  booktitle={CVPR Workshops},
  pages={38--45},
  year={2016}
}

@inproceedings{szegedy2017inception,
  title={Inception-v4, inception-resnet and the impact of residual connections on learning.},
  author={Szegedy, Christian and Ioffe, Sergey and Vanhoucke, Vincent and Alemi, Alexander A},
  booktitle={AAAI},
  volume={4},
  pages={12},
  year={2017}
}

@article{Cogswell2015Reducing,
  title={Reducing Overfitting in Deep Networks by Decorrelating Representations},
  author={Cogswell, Michael and Ahmed, Faruk and Girshick, Ross and Zitnick, Larry and Batra, Dhruv},
  journal={Computer Science},
  year={2015},
}


@Article{liyandong2016,
  author  = {李彦冬 and 郝宗波 and 雷航},
  title   = {卷积神经网络研究综述},
  journal = {计算机应用},
  year    = {2016},
  volume  = {36},
  number  = {9},
  pages   = {2508-2515},
}

@Article{Hubel1962Receptive,
  author  = {Hubel, D. H. and Wiesel, T. N.},
  title   = {Receptive fields, binocular interaction and functional architecture in the cat's visual cortex.},
  journal = {Journal of Physiology},
  year    = {1962},
  volume  = {160},
  number  = {1},
  pages   = {106-154},
}

@Article{Liu2011Learning,
  author  = {Liu, T. and Yuan, Z. and Sun, J. and Wang, J. and Zheng, N. and Tang, X. and Shum, H. Y.},
  title   = {Learning to detect a salient object},
  journal = {IEEE Transactions on Pattern Analysis \& Machine Intelligence},
  year    = {2011},
  volume  = {33},
  number  = {2},
  pages   = {353-367},
}

@Article{Lecun1998Gradient,
  author  = {Lecun, Y. and Bottou, L. and Bengio, Y. and Haffner, P.},
  title   = {Gradient-based learning applied to document recognition},
  journal = {Proceedings of the IEEE},
  year    = {1998},
  volume  = {86},
  number  = {11},
  pages   = {2278-2324},
}

@Article{Ieee1990Phoneme,
  author  = {Ieee, Alexander Waibel Member, and Hanazawa, Toshiyuki and Hinton, Geoffrey and Ieee, Kiyohiro Shikano Member, and Lang, Kevin J.},
  title   = {Phoneme Recognition Using Time-Delay Neural Networks},
  journal = {Readings in Speech Recognition},
  year    = {1990},
  volume  = {1},
  number  = {2},
  pages   = {393-404},
}

@InProceedings{Vaillant1993An,
  author    = {Vaillant, R and Monrocq, C and Cun, Y Le},
  title     = {An original approach for the localization of objects in images},
  booktitle = {International Conference on Artificial Neural Networks},
  year      = {1993},
  pages     = {26-30},
}

@Article{Lawrence1997Face,
  author  = {Lawrence, Steve and Giles, C. Lee and Tsoi, Ah Chung and Back, Andrew D},
  title   = {Face recognition: a convolutional neural-network approach},
  journal = {IEEE Transactions on Neural Networks},
  year    = {1997},
  volume  = {8},
  number  = {1},
  pages   = {98-113},
}

@InProceedings{Krizhevsky2012,
  author    = {Krizhevsky, Alex and Sutskever, Ilya and Hinton, Geoffrey E.},
  title     = {ImageNet classification with deep convolutional neural networks},
  booktitle = {International Conference on Neural Information Processing Systems},
  year      = {2012},
  pages     = {1097-1105},
}

@Article{Simonyan2014Very,
  author  = {Simonyan, Karen and Zisserman, Andrew},
  title   = {Very Deep Convolutional Networks for Large-Scale Image Recognition},
  journal = {Computer Science},
  year    = {2014},
}

@InProceedings{Szegedy2014,
  author       = {Szegedy, Christian and Liu, Wei and Jia, Yangqing and Sermanet, Pierre and Reed, Scott and Anguelov, Dragomir and Erhan, Dumitru and Vanhoucke, Vincent and Rabinovich, Andrew and others},
  title        = {Going deeper with convolutions},
  year         = {2015},
  organization = {Cvpr},
}

@InProceedings{Donahue2015Long,
  author    = {Donahue, Jeff and Hendricks, Lisa Anne and Guadarrama, Sergio and Rohrbach, Marcus and Venugopalan, Subhashini and Darrell, Trevor and Saenko, Kate},
  title     = {Long-term recurrent convolutional networks for visual recognition and description},
  booktitle = {Computer Vision and Pattern Recognition},
  year      = {2015},
  pages     = {677},
}

@InProceedings{Zeiler2013Visualizing,
  author       = {Zeiler, Matthew D and Fergus, Rob},
  title        = {Visualizing and understanding convolutional networks},
  booktitle    = {European conference on computer vision},
  year         = {2014},
  pages        = {818--833},
  organization = {Springer},
}

@Article{Ji20133D,
  author  = {Ji, Shuiwang and Xu, Wei and Yang, Ming and Yu, Kai},
  title   = {3D Convolutional Neural Networks for Human Action Recognition},
  journal = {IEEE Transactions on Pattern Analysis \& Machine Intelligence},
  year    = {2013},
  volume  = {35},
  number  = {1},
  pages   = {221-231},
}

@Article{Zeiler2013Stochastic,
  author  = {Zeiler, Matthew D. and Fergus, Rob},
  title   = {Stochastic Pooling for Regularization of Deep Convolutional Neural Networks},
  journal = {Eprint Arxiv},
  year    = {2013},
}

@InProceedings{Deng2009ImageNet,
  author    = {Deng, Jia and Dong, Wei and Socher, R. and Li, Li Jia and Li, Kai and Li, Fei Fei},
  title     = {ImageNet: A large-scale hierarchical image database},
  booktitle = {Computer Vision and Pattern Recognition, 2009. CVPR 2009. IEEE Conference on},
  year      = {2009},
  pages     = {248-255},
}

@Article{Goodfellow2014Generative,
  author  = {Goodfellow, Ian J and Pouget-Abadie, Jean and Mirza, Mehdi and Xu, Bing and Warde-Farley, David and Ozair, Sherjil and Courville, Aaron and Bengio, Yoshua},
  title   = {Generative Adversarial Networks},
  journal = {Advances in Neural Information Processing Systems},
  year    = {2014},
  volume  = {3},
  pages   = {2672-2680},
}

@Article{sunxuechao2012,
  author  = {孙学超},
  title   = {美国人口普查初探},
  journal = {办公室业务},
  year    = {2012},
  number  = {3},
  pages   = {140-140},
}

@Article{Tsao2006What,
  author  = {Tsao, Doris Y. and Freiwald, And Winrich A.},
  title   = {What's so special about the average face?},
  journal = {Trends in Cognitive Sciences},
  year    = {2006},
  volume  = {10},
  number  = {9},
  pages   = {391-3},
}

@Article{jincheng2008,
  author  = {金城 and 沈学文 and 卜佳俊 and 陈纯 and 宋明黎},
  title   = {基于主动外观模型的人脸合成技术},
  journal = {浙江大学学报(工学版)},
  year    = {2008},
  volume  = {42},
  number  = {7},
  pages   = {1140-1144},
}

@Book{Tresadern2011Face,
  title     = {Face Alignment Models},
  publisher = {Springer London},
  year      = {2011},
  author    = {Tresadern, Phil and Cootes, Tim and Taylor, Chris and Petrović, Vladimir},
  pages     = {109-135},
}

@Book{Deutsch2002Principle,
  title     = {Principle Component Analysis},
  publisher = {Palgrave Macmillan UK},
  year      = {2002},
  author    = {Deutsch, Hans Peter},
}

@Article{denghongbo2007,
  author  = {邓洪波 and 金连文},
  title   = {一种基于局部Gabor滤波器组及PCA+LDA的人脸表情识别方法},
  journal = {中国图象图形学报},
  year    = {2007},
  volume  = {12},
  number  = {2},
  pages   = {322-329},
}

@Article{Shu2011Histogram,
  author  = {Shu, Chang and Ding, Xiaoqing and Fang, Chi},
  title   = {Histogram of the Oriented Gradient for Face Recognition *},
  journal = {Tsinghua Science and Technology},
  year    = {2011},
  volume  = {16},
  number  = {2},
  pages   = {216-224},
}

@Book{Milborrow2008Locating,
  title     = {Locating Facial Features with an Extended Active Shape Model},
  publisher = {DBLP},
  year      = {2008},
  author    = {Milborrow, Stephen and Nicolls, Fred},
  pages     = {504-513},
}

@Article{Lowe2004Distinctive,
  author  = {Lowe, David G.},
  title   = {Distinctive Image Features from Scale-Invariant Keypoints},
  journal = {International Journal of Computer Vision},
  year    = {2004},
  volume  = {60},
  number  = {2},
  pages   = {91-110},
}

@Article{Friedman1991Multivariate,
  author  = {Friedman, Jerome H.},
  title   = {Multivariate Adaptive Regression Splines},
  journal = {Annals of Statistics},
  year    = {1991},
  volume  = {19},
  number  = {1},
  pages   = {1-67},
}

@InProceedings{Dong2016Accelerating,
  author       = {Dong, Chao and Loy, Chen Change and Tang, Xiaoou},
  title        = {Accelerating the super-resolution convolutional neural network},
  booktitle    = {European Conference on Computer Vision},
  year         = {2016},
  pages        = {391--407},
  organization = {Springer},
}

@Article{Kim2002Face,
  author  = {Kim, Kwang In and Jung, Keechul and Hang, Joon Kim},
  title   = {Face recognition using kernel principal component analysis},
  journal = {IEEE Signal Processing Letters},
  year    = {2002},
  volume  = {9},
  number  = {2},
  pages   = {40-42},
}

@Article{Belhumeur1997Face,
  author  = {Belhumeur, P. and Hespanha, J. and Kriegman, D.},
  title   = {Face recognition: Eigenfaces vs. Fish-erfaces: Recognition using class specific projection},
  journal = {IEEE Trans Pattern Analysis Machine Intelligence},
  year    = {1997},
  volume  = {19},
  number  = {7},
  pages   = {711-720},
}

@InProceedings{Samaria1994Parameterisation,
  author    = {Samaria, F. S and Harter, A. C},
  title     = {Parameterisation of a stochastic model for human face identification},
  booktitle = {Applications of Computer Vision, 1994., Proceedings of the Second IEEE Workshop on},
  year      = {1994},
  pages     = {138-142},
}

@Book{linjinkun2004,
  title     = {拓扑学基础-第2版},
  publisher = {科学出版社},
  year      = {2004},
  author    = {林金坤},
}

@Article{xurong2006,
  author  = {徐蓉 and 姜峰 and 姚鸿勋},
  title   = {流形学习概述},
  journal = {智能系统学报},
  year    = {2006},
  volume  = {1},
  number  = {1},
  pages   = {44-51},
}

@Article{amrui2008,
  author  = {马瑞 and 王家廞 and 宋亦旭},
  title   = {基于局部线性嵌入(LLE)非线性降维的多流形学习},
  journal = {清华大学学报(自然科学版)},
  year    = {2008},
  volume  = {48},
  number  = {4},
  pages   = {582-585},
}

@Article{pearson1901principal,
  author  = {Pearson, Karl},
  title   = {Principal components analysis},
  journal = {The London, Edinburgh, and Dublin Philosophical Magazine and Journal of Science},
  year    = {1901},
  volume  = {6},
  number  = {2},
  pages   = {559},
}

@InCollection{izenman2013linear,
  author    = {Izenman, Alan Julian},
  title     = {Linear discriminant analysis},
  booktitle = {Modern multivariate statistical techniques},
  publisher = {Springer},
  year      = {2013},
  pages     = {237--280},
}

@Comment{jabref-meta: databaseType:bibtex;}
